@Article{dartmouth,
author = {James Moor},
title = {The Dartmouth CollegeArtificial Intelligence Conference: The Next Fifty Years},
journal = {AI Magazine},
year = {2006},
OPTvolume = {27},
OPTnumber = {4},
OPTpages = {87-91},
OPTmonth = {January}
}

@Book{AI_modern,
ALTauthor = {Stuart J. Russell, Peter Norvig},
title = {Artificial Intelligence: A Modern Approach},
publisher = {Pearson},
year = {2009},
OPTnumber = {0136042597},
OPTaddress = {London},
OPTedition = {3},
OPTmonth = {December},
}
